@inproceedings{castle,
 author = {Matsumoto, Stephanos and Steffen, Samuel and Perrig, Adrian},
 title = {CASTLE: CA Signing in a Touch-less Environment},
 booktitle = {Proceedings of the 32Nd Annual Conference on Computer Security Applications},
 series = {ACSAC '16},
 year = {2016},
 isbn = {978-1-4503-4771-6},
 location = {Los Angeles, California, USA},
 pages = {546--557},
 numpages = {12},
 url = {http://doi.acm.org/10.1145/2991079.2991115},
 doi = {10.1145/2991079.2991115},
 acmid = {2991115},
 publisher = {ACM},
 address = {New York, NY, USA},
}

@book{scion_book,
	author = {Perrig, Adrian and Szalachowski, Pawel and Reischuk, Raphael M. and Chuat, Laurent},
	title = {SCION: A Secure Internet Architecture},
    year = {2017},
    publisher = {Springer}
}

@software{instascan,
  author = {Schmich, Chris},
  title = {Instascan},
  year = {2017},
  publisher = {GitHub},
  journal = {GitHub repository},
  howpublished = {\url{https://github.com/schmich/instascan}},
  commit = {5a3492a0d93cc329bb9824b7ab0b0c0878486f0e}
}

@software{tweetnacl,
  author = {Chestnykh, Dmitry},
  title = {TweetNaCl},
  year = {2017},
  publisher = {GitHub},
  journal = {GitHub repository},
  howpublished = {\url{https://github.com/dchest/tweetnacl-js}},
  commit = {988c41917199cd33a93896c52fcad29fb96833d8}
}

@software{jqueryqrcode,
  author = {Jung, Lars},
  title = {jQuery-qrcode},
  year = {2016},
  publisher = {GitHub},
  journal = {GitHub repository},
  howpublished = {\url{https://github.com/lrsjng/jquery-qrcode}},
  commit = {761ecaa0c94bb45309ea1288b98736c712779a56}
}

@article{bernstein2012high,
  title={High-speed high-security signatures},
  author={Bernstein, Daniel J and Duif, Niels and Lange, Tanja and Schwabe, Peter and Yang, Bo-Yin},
  journal={Journal of Cryptographic Engineering},
  pages={1--13},
  year={2012},
  publisher={Springer}
}

@inproceedings{basin2016modeling,
  title={Modeling human errors in security protocols},
  author={Basin, David and Radomirovic, Saa and Schmid, Lara},
  booktitle={Computer Security Foundations Symposium (CSF), 2016 IEEE 29th},
  pages={325--340},
  year={2016},
  organization={IEEE}
}