@inproceedings{Matsumoto,
 author = {Matsumoto, Stephanos and Steffen, Samuel and Perrig, Adrian},
 title = {CASTLE: CA Signing in a Touch-less Environment},
 booktitle = {Proceedings of the 32Nd Annual Conference on Computer Security Applications},
 series = {ACSAC '16},
 year = {2016},
 isbn = {978-1-4503-4771-6},
 location = {Los Angeles, California, USA},
 pages = {546--557},
 numpages = {12},
 url = {http://doi.acm.org/10.1145/2991079.2991115},
 doi = {10.1145/2991079.2991115},
 acmid = {2991115},
 publisher = {ACM},
 address = {New York, NY, USA},
}

@article{Barrera,
 author = {Barrera, David and Chuat, Laurent and Perrig, Adrian and Reischuk, Raphael M. and Szalachowski, Pawel},
 title = {The SCION Internet Architecture},
 journal = {Commun. ACM},
 issue_date = {June 2017},
 volume = {60},
 number = {6},
 month = may,
 year = {2017},
 issn = {0001-0782},
 pages = {56--65},
 numpages = {10},
 url = {http://doi.acm.org/10.1145/3085591},
 doi = {10.1145/3085591},
 acmid = {3085591},
 publisher = {ACM},
 address = {New York, NY, USA},
} 